@unpublished{Spec,
	title={{T}he {J}ava {V}irtual {M}achine {S}pecification},
	author={Tim Lindholm and Frank Yellin and Gilad Bracha and Alex Buckley},
	year={2013},
	note = "available at 
		\texttt{https://docs.oracle.com/javase/specs/jvms/se7/html/index.html}",
}
@unpublished{Wiki,
	title={{J}ava class file},
	year={2014},
	note = "available at 
		\texttt{https://en.wikipedia.org/wiki/Java\_class\_file}",
}
